<?xml version="1.0" encoding="UTF-8"?><record xmlns="http://www.loc.gov/MARC21/slim" xmlns:cinclude="http://apache.org/cocoon/include/1.0" xmlns:zs="http://www.loc.gov/zing/srw/">
  <leader>00449cz  a2200133n  4500</leader>
  <controlfield tag="001">n 2005042427</controlfield>
  <controlfield tag="003">DLC</controlfield>
  <controlfield tag="005">20050609135856.0</controlfield>
  <controlfield tag="008">050609n| acannaabn          |a aaa      </controlfield>
  <datafield tag="010" ind1=" " ind2=" ">
    <subfield code="a">n 2005042427</subfield>
  </datafield>
  <datafield tag="040" ind1=" " ind2=" ">
    <subfield code="a">DLC</subfield>
    <subfield code="b">eng</subfield>
    <subfield code="c">DLC</subfield>
  </datafield>
  <datafield tag="100" ind1="1" ind2=" ">
    <subfield code="a">Wong-Chong, George M.</subfield>
  </datafield>
  <datafield tag="400" ind1="1" ind2=" ">
    <subfield code="a">Chong, George M. Wong-</subfield>
  </datafield>
  <datafield tag="670" ind1=" " ind2=" ">
    <subfield code="a">Dzombak, David A. Cyanide in water and soil, 2005:</subfield>
    <subfield code="b">CIP t.p. (George M. Wong-Chong) galley (Ph. D., P.E., DEE; USFilter Corp., Pittsburgh; retired)</subfield>
  </datafield>
</record>